
@book{bank_4_0,
    author = {{Brett King}},
    title = {Bank 4.0. Banking Everywhere, Never at a Bank}, 
    publisher = {John Wiley \& Sons Ltd.},
    year = {2019}
}

@book{big_data_revenue_forecast,
    author = {{Kimberly Mlitz}},
    title = {Big data and business analytics revenue worldwide 2015-2022},
    publisher = {Statista},
    year = {August 2021},
    chapter = {On line. Date of Access: September 30th 2021},
    url = {https://www.statista.com/statistics/551501/worldwide-big-data-business-analytics-revenue/}
}

@book{digital_banking_2020,
    author = {{Bolanowski W.}},
    title = {Digital Banking: Way to 2020 and a Look into the Future},
    publisher = {European Financial Congress},
    date = {2020},
    chapter = {On line. Date of Access: September 30th 2021},
    url = {https://www.efcongress.com/wp-content/uploads/2020/10/Wyzwania-informatyki-bankowej.pdf}
}

@book{rise_digital_bank_mckinsey, 
    author = {{Tunde Olanrewaju}},
    title = {The rise of the digital bank}, 
    publisher = {McKinsey},
    year = {July 2014},
    chapter = {On line. Date of Access: September 30th 2021},
    url = {https://www.mckinsey.com/business-functions/mckinsey-digital/our-insights/the-rise-of-the-digital-bank}
}

@book{digital_banking_maturity,
    author = {{Deloitte}},
    title = {Digital Banking Maturity 2020},
    publisher = {Deloitte},
    year = {2020},
    chapter = {On line. Date of Access: September 30th 2021},
    url = {https://www2.deloitte.com/content/dam/Deloitte/lu/Documents/financial-services/Banking/lu-digital-banking-maturity-2020.pdf}
}

@book{what_is_digital_banking, 
    author = {{Gaurav Sharma}},
    title = {What is Digital Banking?}, 
    publisher = {VentureSkies},
    year = {April 2017},
    chapter = {On line. Date of Access: September 30th 2021},
    url = {https://www.ventureskies.com/blog/digital-banking}
}

@book{wavestone_virtual_banking,
    author = {{Sam Van Horebeek, Annie Chan}},
    title = {Virtual Banking and Open Banking. Comparing digital distupting across the world}, 
    publisher = {Wavestone},
    year = {2020},
    chapter = {On line. Date of Access: September 30th 2021},
    url = {https://www.wavestone.com/app/uploads/2018/12/Virtual-banking.pdf}
}

@book{psd1,
    author = {{European Parliament}}, 
    title = {Payment Service Directive},
    publisher = {Official Journal of the European Union},
    year = {2007},
    chapter = {On line. Date of Access: September 30th 2021},
    url = {https://eur-lex.europa.eu/legal-content/PL/TXT/PDF/?uri=CELEX:32007L0064&from=en}
}

@book{psd2,
    author = {{European Parliament}},
    title = {Payment Service Directive},
    publisher = {Official Journal of the European Union},
    year = {2015},
    chapter = {On line. Date of Access: September 30th 2021},
    url = {https://eur-lex.europa.eu/legal-content/EN/TXT/PDF/?uri=CELEX:32015L2366&from=EN}
}
@book{cma_banking_investigation,
    author = {{Alasdair Smith}},
    title = {Retail banking market investigation},
    publisher = {Competition and Markets Authority},
    year = {August 2016},
    chapter = {On line. Date of Access: September 30th 2021},
    url = {https://assets.publishing.service.gov.uk/media/57ac9667e5274a0f6c00007a/retail-banking-market-investigation-full-final-report.pdf}
}

@book{deloitte_open_banking,
    author = {{Deloitte}},
    title = {How to flourish in an uncertain future. Open banking and PSD2},
    publisher = {Deloitte},
    year = {2018},
    chapter = {On line. Date of Access: September 30th 2021},
    url = {https://www2.deloitte.com/content/dam/Deloitte/cz/Documents/financial-services/cz-open-banking-and-psd2.pdf}
}

@book{open_banking_uk,
    author = {{OBIE}},
    title = {Open Banking Implementation Entity},
    publisher = {OBIE},
    year = {2020},
    chapter = {On line. Date of Access: September 30th 2021}, 
    url = {https://www.openbanking.org.uk/about-us/} 
}

@book{guidelines_internet_payments,
    author = {{European Banking Authority}},
    title = {Final guidelines on the security of internet payments},
    publisher = {European Banking Authority},
    year = {December 2014},
    chapter = {On line. Date of Access: September 30th 2021},
    url = {https://www.eba.europa.eu/regulation-and-policy/consumer-protection-and-financial-innovation/guidelines-on-internet-payments-security}
}

@book{ai_ep_definition,
    author = {{Philip Boucher}},
    title = {Artificial intelligence: How does it work, why does it matter, and what can we do about it?},
    publisher = {European Parliamentary Research Service},
    year = {June 2020},
    chapter = {On line. Date of Access: September 30th 2021},
    url = {https://www.europarl.europa.eu/RegData/etudes/STUD/2020/641547/EPRS_STU(2020)641547_EN.pdf}
}

@book{forbes_big_data_history,
    author = {{Gil Press}},
    title = {A Very Short History Of Big Data},
    publisher = {Forbes},
    year = {May 2013},
    chapter = {On line. Date of Access: September 30th 2021},
    url = {https://www.forbes.com/sites/gilpress/2013/05/09/a-very-short-history-of-big-data/}
}

@book{what_is_big_data,
    author = {{Andrea De Mauro, Marco Greco, Michele Grimaldi}},
    title = {What is Big Data? A Consensual Definition and a Review of Key Research Topics}, 
    publisher = {University of Sheffield},
    year = {2015},
    chapter = {On line. Date of Access: September 30th 2021},
    url = {https://www.dhi.ac.uk/san/waysofbeing/data/data-crone-demauro-2015.pdf}
}

@book{executive_guide_to_ai,
    author = {{Michael Chui, Vishnu Kamalnath, Brian McCarthy}},
    title = {An executive’s guide to AI},
    publisher = {McKinsey \& Company},
    year = {2020},
    chapter = {On line. Date of Access: September 30th 2021},
    url = {https://www.mckinsey.com/business-functions/mckinsey-analytics/our-insights/an-executives-guide-to-ai}
}

@book{reuters_ai_hiring,
    author = {{Olivia Oran}},
    title = {Wall Street hopes artificial intelligence software helps it hire loyal bankers}, 
    publisher = {Reuters},
    year = {June 2016},
    chapter = {On line. Date of Access: September 30th 2021},
    url = {https://www.reuters.com/article/us-banks-hiring-ai-idUSKCN0YT163}
}

@book{nikkei_30000_jobs, 
    author = {{Koji Okuda}},
    title = {Japan’s megabanks to automate around 30,000 jobs’ worth of work}, 
    publisher = {Nikkei Asia},
    year = {October 2017},
    chapter = {On line. Date of Access: September 30th 2021},
    url = {https://asia.nikkei.com/Economy/Japan-s-megabanks-to-automate-around-30-000-jobs-worth-of-work2}
}

@book{mufj_digital_strategy,
    author = {{Mitsubishi UFJ Financial Group Inc.}},
    title = {Digital Strategy},
    publisher = {Mitsubishi UFJ Financial Group Inc.},
    year = {February 2019},
    chapter = {On line. Date of Access: September 30th 2021},
    url = {https://www.mufg.jp/dam/ir/presentation/2018/pdf/slides190219_en.pdf}
}

@book{ai_transform_disrupt,
    author = {{Jim Marous}},
    title = {AI Could Destroy Traditional Banking As We Know It},
    publisher = {The Financial Brand},
    year = {August 2018},
    chapter = {On line. Date of Access: September 30th 2021},
    url = {https://thefinancialbrand.com/74626/ai-transform-disrupt-banking-financial-wef-trends-analysis/}
}

@book{ai_reality_hype,
    author = {{Laura Noonan}},
    title = {AI in Banking: the Reality Behind the Hype},
    publisher = {The Financial Times},
    year = {April 2018},
    chapter = {On line. Date of Access: September 30th 2021},
    url = {https://www.ft.com/content/b497a134-2d21-11e8-a34a-7e7563b0b0f4} 
}

@book{ways_ai_transforming_bi,
    author = {{Thomas Smale}},
    title = {5 Ways Artificial Intelligence Already Transforming the Banking Industry}, 
    publisher = {Entrepreneur},
    year = {September 2018},
    chapter = {On line. Date of Access: September 30th 2021},
    url = {https://www.entrepreneur.com/article/319921}
}

@book{banking_ai_revolution,
    author = {{Pericles Anetos}},
    title = {Banking on the Artificial Intelligence revolution},
    publisher = {The Banking Association South Africa},
    year = {August 2018},
    chapter = {On line. Date of Access: September 30th 2021},
    url = {https://www.businesslive.co.za/bt/business-and-economy/2018-08-25-banking-on-the-artificial-intelligence-revolution/}
}
@book{trillion_opportunity,
    author = {{Lisa Joyce}},
    title = {Artificial Intelligence and the Banking Industry’s \$1 Trillion Opportunity}, 
    publisher = {The Financial Brand},
    year = {May 2018},
    chapter = {On line. Date of Access: September 30th 2021},
    url = {https://thefinancialbrand.com/72653/artificial-intelligence-trends-banking-industry/}
}

@book{bank_of_america_ai,
    author = {{Roy Soumik}},
    title = {Bank of America to use AI for currency research}, 
    publisher = {T\_HQ},
    year = {July 2018},
    chapter = {On line. Date of Access: September 30th 2021},
    url = {https://techhq.com/2018/07/bank-of-america-to-use-ai-for-currency-research/}
}

@book{wells_fargo_ai,
    author = {{Wells Fargo}},
    title = {Engaging tech for your business. Using Artificial Intelligence to connect with cus- tomers},
    publisher = {Wells Fargo},
    year = {2020},
    chapter = {On line. Date of Access: September 30th 2021},
    url = {https://www.wellsfargo.com/biz/wells-fargo-works/planning-operations/planning-marketing/engaging-tech-for-your-business/}
}

@book{jp_morgan_ai,
    author = {{Sarah Butcher}},
    title = {JPMorgan’s enormous AI hiring push},
    publisher = {EFinancial Careers},
    year = {March 2021},
    chapter = {On line. Date of Access: September 30th 2021},
    url = {https://www.efinancialcareers.com/news/2021/03/jpmorgan-artificial-intelligence}
}
@book{deloitte_thriving_in_ai_era,
    author = {{Beena Ammanath, Susanne Hupfer, David Jarvis}},
    title = {Thriving in the era of pervasive AI},
    publisher = {Deloitte},
    year = {August 2019},
    chapter = {On line. Date of Access: September 30th 2021},
    url = {https://www2.deloitte.com/content/dam/Deloitte/cn/Documents/about-deloitte/deloitte-cn-dtt-thriving-in-the-era-of-persuasive-ai-en-200819.pdf}
}

@book{ihs_markit,
    author = {{IHS Markit}},
    title = {Artificial Intelligence in Banking Report},
    publisher = {IHS Markit},
    year = {April 2019},
    chapter = {On line. Date of Access: September 30th 2021},
    url = {https://news.ihsmarkit.com/prviewer/release_only/slug/technology-global-business-value-artificial-intelligence-banking-reach-300-billion-203}
}

@book{accenture_ai_banking,
    author = {{Roy Jubraj, Tom Graham, Eve Ryan}},
    title = {Redefine Banking with Artificial Intelligence},
    publisher = {Accenture},
    year = {2018},
    chapter = {On line. Date of Access: September 30th 2021},
    url = {https://www.accenture.com/t00010101t000000z__w__/gb-en/_acnmedia/pdf-71/accenture-banking-aw-jf-web.pdf}
}

@book{future_of_trading_technology_2024,
    author = {{Refinitiv}},
    title = {The Future of Trading Technology in 2024},
    publisher = {Refinitiv},
    year = {2019},
    chapter = {On line. Date of Access: September 30th 2021},
    url = {https://www.refinitiv.com/content/dam/marketing/en_us/documents/reports/future-of-trading-technology-in-2024.pdf}
}

@book{deluxe_ai_remittance,
    author = {{Deluxe}},
    title = {Remittance Intelligent Matching},
    publisher = {Deluxe},
    year = {2021},
    chapter = {On line. Date of Access: September 30th 2021},
    url = {https://www.deluxe.com/payments/receivables-management/remittance-intelligent-matching/}
}

@book{deluxe_mid_size_banks_risk,
    author = {{Deluxe}},
    title = {As AI gap widens, midsize banks must act now or risk falling behind},
    publisher = {Deluxe},
    year = {February 2020},
    chapter = {On line. Date of Access: September 30th 2021},
    url = {https://www.deluxe.com/blog/mid-sized-banks-behind-ai-curve/} 
}

@book{europarl_roboadvisors,
    author = {{Philipp Maume}},
    title = {Robo-advisors. How do they fit in the existing EU regulatory framework, in particular with regard to investor protection?},
    publisher = {Policy Department for Economic, Scientific and Quality of Life Policies},
    year = {June 2021},
    chapter = {On line. Date of Access: September 30th 2021},
    url = {https://www.europarl.europa.eu/RegData/etudes/STUD/2021/662928/IPOL_STU(2021)662928_EN.pdf}
}

@book{autonomous_next,
    author = {{Autonomous Research}},
    title = {\#Machine Intelligence \& Augmented Finance. How Artificial Intelligence creates \$1 trillion of change in the front, middle and back office of the financial services industry}, 
    publisher = {Autonomous Research},
    year = {August 2018},
    chapter = {On line. Date of Access: September 30th 2021},
    url = {http://www.smallake.kr/wp-content/uploads/2018/08/AutonomousNEXT_06_MachineIntelligenceAugmentedFinance.pdf}
}

@book{accenture_conversational_banking,
    author = {{Sonali Kulkarni, Pranav Arora}},
    title = {Ready for Conversational Banking?},
    publisher = {Accenture},
    year = {2019},
    chapter = {On line. Date of Access: September 30th 2021},
    url = {https://www.accenture.com/_acnmedia/pdf-102/accenture-ready-for-conversational-banking.pdf}
}

@book{humley_banking_report,
    author = {{Humley}},
    title = {Consumer Online Banking Trends},
    publisher = {Humley},
    year = {2018},
    chapter = {On line. Date of Access: September 30th 2021},
    url = {https://gallery.mailchimp.com/6876a5198dfef32603ce8474d/files/aa26e0e2-dc8e-47d5-8952-6766332cef53/Online_Banking_Report_v2.pdf}
}

@book{accenture_chatbots,
    author = {{Accenture}},
    title = {Chatbots are here to stay},
    publisher = {Accenture},
    year = {2018},
    chapter = {On line. Date of Access: September 30th 2021},
    url = {https://www.accenture.com/_acnmedia/pdf-77/accenture-research-conversational-ai-platforms.pdf}
}

@book{pwc_ai_nlp,
    author = {{Nicola Anzivino, Paolo Anfossi, Dario Saracino}},
    title = {Artificial Intelligence Evolution — main trends},
    publisher = {PriceWaterCoopers},
    year = {2020},
    chapter = {On line. Date of Access: September 30th 2021},
    url = {https://www.pwc.com/it/it/publications/assets/docs/pwc-ai-evolution-financial-services.pdf} 
}

@book{lfbyphone_consumer_analytics,
    author = {{Ifbyphone, Inc.}},
    title = {Consumers Waiting On-Hold More Than One Minute Won’t Convert or Refer}, 
    publisher = {Ifbyphone, Inc.},
    year = {2012},
    chapter = {On line. Date of Access: September 30th 2021},
    url = {http://www.dialogtech.com/wp-content/uploads/2012/05/Ifbyphone-Consumer-Response-survey-May-2012.pdf}
}

@book{facebook_statistic,
    author = {{Statista Research Department}},
    title = {Number of monthly active Facebook users worldwide as of 2nd quarter 2021}, 
    publisher = {Statista},
    year = {2021},
    chapter = {On line. Date of Access: September 30th 2021},
    url = {https://www.statista.com/statistics/264810/number-of-monthly-active-facebook-users-worldwide/}
}

@book{gartner_chat_bots,
    author = {{Heather Pemberton Levy}},
    title = {Gartner Predicts a Virtual World of Exponential Change},
    publisher = {Gartner},
    year = {October 2016},
    chapter = {On line. Date of Access: September 30th 2021},
    url = {https://www.gartner.com/smarterwithgartner/gartner-predicts-a-virtual-world-of-exponential-change/}
}

@book{saltedge_open_banking_report,
    author = {{Salt Edge Inc.}},
    title = {Open Banking Ecosystem in Testing Mode},
    publisher = {Salt Edge Inc.},
    year = {2020},
    chapter = {On line. Date of Access: September 30th 2021},
    url = {https://www.saltedge.com/report_api_integration.pdf} }

@book{deloitte_psd2_costs,
    author = {{Adam Scott, Valeria Gallo}},
    title = {European PSD2 Survey Results highlights},
    publisher = {Deloitte},
    year = {October 2017},
    chapter = {On line. Date of Access: September 30th 2021},
    url = {https://www2.deloitte.com/content/dam/Deloitte/nl/Documents/financial-services/deloitte-nl-fsi-psd2-survey-results-highlights.pdf}
}